[gd_scene load_steps=11 format=2]

[ext_resource path="res://Squirrel.gd" type="Script" id=1]
[ext_resource path="res://Sprites/squirrel.png" type="Texture" id=2]
[ext_resource path="res://Scenes/Hitbox.tscn" type="PackedScene" id=3]
[ext_resource path="res://Scenes/Dynamite.tscn" type="PackedScene" id=4]

[sub_resource type="AtlasTexture" id=6]
atlas = ExtResource( 2 )
region = Rect2( 0, 0, 32, 32 )

[sub_resource type="AtlasTexture" id=3]
atlas = ExtResource( 2 )
region = Rect2( 32, 0, 32, 32 )

[sub_resource type="AtlasTexture" id=2]
atlas = ExtResource( 2 )
region = Rect2( 0, 0, 32, 32 )

[sub_resource type="SpriteFrames" id=4]
animations = [ {
"frames": [ SubResource( 6 ) ],
"loop": true,
"name": "default",
"speed": 5.0
}, {
"frames": [ SubResource( 3 ), SubResource( 2 ) ],
"loop": false,
"name": "throw",
"speed": 5.0
} ]

[sub_resource type="RectangleShape2D" id=5]
extents = Vector2( 4, 3 )

[sub_resource type="RectangleShape2D" id=7]
extents = Vector2( 100, 200 )

[node name="Squirrel" type="KinematicBody2D"]
collision_layer = 4
script = ExtResource( 1 )
dynamite_scene = ExtResource( 4 )

[node name="AnimatedSprite" type="AnimatedSprite" parent="."]
position = Vector2( 0, -9 )
frames = SubResource( 4 )
playing = true

[node name="CollisionShape2D" type="CollisionShape2D" parent="."]
position = Vector2( 0, 4 )
shape = SubResource( 5 )

[node name="LedgeCheck" type="RayCast2D" parent="."]
position = Vector2( -3, 8 )
enabled = true
cast_to = Vector2( 0, 2 )

[node name="Hitbox" parent="." instance=ExtResource( 3 )]
position = Vector2( 1, 4 )

[node name="Area2D" type="Area2D" parent="."]

[node name="CollisionShape2D" type="CollisionShape2D" parent="Area2D"]
shape = SubResource( 7 )
[connection signal="body_entered" from="Area2D" to="." method="on_player_sighted"]
